@manual{ap64,
title = {Versuchsanleitung zu Versuch Nr. 64 Moderne Interferometrie},
year = 2024,
organization = {Fakult√§t Physik, TU Dortmund},
}
